@inproceedings{he2016deep,
  title={Deep residual learning for image recognition},
  author={He, Kaiming and Zhang, Xiangyu and Ren, Shaoqing and Sun, Jian},
  booktitle={Proceedings of the IEEE conference on computer vision and pattern recognition},
  pages={770--778},
  year={2016}
}
@article{weinan2018mean,
  title={A mean-field optimal control formulation of deep learning},
  author={Weinan, E and Han, Jiequn and Li, Qianxiao},
  journal={arXiv preprint arXiv:1807.01083},
  year={2018}
}
@inproceedings{li2016precomputed,
  title={Precomputed real-time texture synthesis with markovian generative adversarial networks},
  author={Li, Chuan and Wand, Michael},
  booktitle={European conference on computer vision},
  pages={702--716},
  year={2016},
  organization={Springer}
}
@inproceedings{reed2016generative,
  title={Generative adversarial text to image synthesis},
  author={Reed, Scott and Akata, Zeynep and Yan, Xinchen and Logeswaran, Lajanugen and Schiele, Bernt and Lee, Honglak},
  booktitle={International conference on machine learning},
  pages={1060--1069},
  year={2016},
  organization={PMLR}
}
@article{reed2016learning,
  title={Learning what and where to draw},
  author={Reed, Scott E and Akata, Zeynep and Mohan, Santosh and Tenka, Samuel and Schiele, Bernt and Lee, Honglak},
  journal={Advances in neural information processing systems},
  volume={29},
  year={2016}
}
@article{goodfellow2014generative,
  title={Generative adversarial nets},
  author={Goodfellow, Ian and Pouget-Abadie, Jean and Mirza, Mehdi and Xu, Bing and Warde-Farley, David and Ozair, Sherjil and Courville, Aaron and Bengio, Yoshua},
  journal={Advances in neural information processing systems},
  volume={27},
  year={2014}
}
@ARTICLE{IEEE_intro,
  author={Creswell, Antonia and White, Tom and Dumoulin, Vincent and Arulkumaran, Kai and Sengupta, Biswa and Bharath, Anil A.},
  journal={IEEE Signal Processing Magazine}, 
  title={Generative Adversarial Networks: An Overview}, 
  year={2018},
  volume={35},
  number={1},
  pages={53-65},
  doi={10.1109/MSP.2017.2765202}}
  @book{bensoussan2013mean,
  title={Mean field games and mean field type control theory},
  author={Bensoussan, Alain and Frehse, Jens and Yam, Phillip and others},
  volume={101},
  year={2013},
  publisher={Springer}
}
@book{fleming2012deterministic,
  title={Deterministic and stochastic optimal control},
  author={Fleming, Wendell H and Rishel, Raymond W},
  volume={1},
  year={2012},
  publisher={Springer Science \& Business Media}
}




